@Article{cropdisdect,
AUTHOR = {Shahi, Tej Bahadur and Xu, Cheng-Yuan and Neupane, Arjun and Guo, William},
TITLE = {Recent Advances in Crop Disease Detection Using UAV and Deep Learning Techniques},
JOURNAL = {Remote Sensing},
VOLUME = {15},
YEAR = {2023},
NUMBER = {9},
ARTICLE-NUMBER = {2450},
URL = {https://www.mdpi.com/2072-4292/15/9/2450},
}

@article{complenvexp,
author = {Krátký, Vít and Petráček, Pavel and Báča, Tomáš and Saska, Martin},
title = {An autonomous unmanned aerial vehicle system for fast exploration of large complex indoor environments},
journal = {Journal of Field Robotics},
volume = {38},
number = {8},
pages = {1036-1058},
keywords = {aerial robotics, exploration, extreme environments, GPS-denied operation, planning},
url = {https://onlinelibrary.wiley.com/doi/abs/10.1002/rob.22021},
year = {2021}
}

@article{FireUAV,
author = {Yuan, Chi and Zhang, Youmin and Liu, Zhixiang},
title = {A survey on technologies for automatic forest fire monitoring, detection, and fighting using unmanned aerial vehicles and remote sensing techniques},
journal = {Canadian Journal of Forest Research},
volume = {45},
number = {7},
pages = {783-792},
year = {2015},
URL = { https://doi.org/10.1139/cjfr-2014-0347}
}

@article{GPS-denied,
author = {Yang, Beiya and Yang, Erfu},
year = {2021},
month = {10},
pages = {},
title = {A Survey on Radio Frequency based Precise Localisation Technology for UAV in GPS-denied Environment},
volume = {103},
journal = {Journal of Intelligent and Robotic Systems},
url = {https://link.springer.com/article/10.1007/s10846-021-01500-4}
}


@INPROCEEDINGS{visualinertialrev,
author={Huang, Guoquan},
booktitle={2019 International Conference on Robotics and Automation (ICRA)}, 
title={Visual-Inertial Navigation: A Concise Review}, 
year={2019},
volume={},
number={},
pages={9572-9582},
keywords={Cameras;Visualization;Navigation;Sensors;Acceleration;Noise measurement;Fuses},
url={https://doi.org/10.1109/ICRA.2019.8793604}
}

@article{UAVlimits,
author = {Mohsan, Syed Agha Hassnain and Othman, Nawaf Qasem Hamood and Li, Yanlong and Alsharif, Mohammed and Khan, Muhammad},
year = {2023},
month = {01},
pages = {},
title = {Unmanned Aerial Vehicles (UAVs): Practical aspects, applications, open challenges, security issues, and future trends},
journal = {Intelligent Service Robotics},
url = {https://doi.org/10.1007/s11370-022-00452-4}
}

@Article{radiofreqloc,
AUTHOR = {Kabiri, Meisam and Cimarelli, Claudio and Bavle, Hriday and Sanchez-Lopez, Jose Luis and Voos, Holger},
TITLE = {A Review of Radio Frequency Based Localisation for Aerial and Ground Robots with 5G Future Perspectives},
JOURNAL = {Sensors},
VOLUME = {23},
YEAR = {2023},
NUMBER = {1},
ARTICLE-NUMBER = {188},
URL = {https://www.mdpi.com/1424-8220/23/1/188},
PubMedID = {36616782},
}

@article{elderlycare,
title = {A phase-difference-of-arrival assisted ultra-wideband positioning method for elderly care},
journal = {Measurement},
volume = {170},
pages = {108689},
year = {2021},
url = {https://www.sciencedirect.com/science/article/pii/S0263224120311970},
author = {Yan Zhang and Linfu Duan},
}

@INPROCEEDINGS{Uwbbasedsol,
author={Santoro, Luca and Nardello, Matteo and Calliari, Marco and Guarienti, William Cechin and Luchi, Giordano and Fontanelli, Daniele and Brunelli, Davide},
booktitle={2022 IEEE International Symposium on Robotic and Sensors Environments (ROSE)}, 
title={Catch-Me-If-You-Can Infrastructure-less UWB-based Leader-Follower System for Compact UAVs}, 
year={2022},
volume={},
number={},
pages={1-7},
url={https://ieeexplore.ieee.org/document/9977417}
}

@INPROCEEDINGS{sidebyside,
author={Xue, Guang and Yao, Hanchen and Zhang, Yuanchao and Huang, Jiangyin and Zhu, Liqi and Dai, Houde},
booktitle={2022 IEEE International Conference on Robotics and Biomimetics (ROBIO)}, 
title={UWB-Based Adaptable Side-by-Side Following for Human-Following Robots}, 
year={2022},
volume={},
number={},
pages={333-338},
keywords={Meters;Adaptation models;Technological innovation;Human-robot interaction;Sensor fusion;Robot sensing systems;Trajectory},
url={10.1109/ROBIO55434.2022.10011938}
}

@ARTICLE{tdoapdoa_optim,
author={Chen, Hui and Ballal, Tarig and Saeed, Nasir and Alouini, Mohamed-Slim and Al-Naffouri, Tareq Y.},
journal={IEEE Wireless Communications Letters}, 
title={A Joint TDOA-PDOA Localization Approach Using Particle Swarm Optimization}, 
year={2020},
volume={9},
number={8},
pages={1240-1244},
keywords={Cost function;Particle swarm optimization;Wrapping;Time difference of arrival;Synchronization;Estimation;Localization;TDOA;PDOA;particle swarm optimizer},
url={10.1109/LWC.2020.2986756}
}

@article{uwb_variance,
url = {https://dx.doi.org/10.1088/0957-0233/20/9/095105},
year = {2009},
month = {jul},
publisher = {},
volume = {20},
number = {9},
pages = {095105},
author = {Glenn MacGougan and Kyle O'Keefe and Richard Klukas},
title = {Ultra-wideband ranging precision and accuracy},
journal = {Measurement Science and Technology},
}

@inproceedings{UWBEvaluationOP,
title={Evaluation of positioning and ranging errors for UWB indoor applications},
author={Vincenzo Di Pietra and Paolo Dabove and Marco Piras and Andrea Maria Lingua},
booktitle={International Conference on Indoor Positioning and Indoor Navigation},
year={2019},
url={https://api.semanticscholar.org/CorpusID:208268479}
}

@ARTICLE{UWBHumshadowing,
author={Tian, Qinglin and Wang, Kevin I-Kai and Salcic, Zoran},
journal={IEEE Transactions on Instrumentation and Measurement}, 
title={Human Body Shadowing Effect on UWB-Based Ranging System for Pedestrian Tracking}, 
year={2019},
volume={68},
number={10},
pages={4028-4037},
keywords={Distance measurement;Measurement uncertainty;Shadow mapping;Data models;Biological system modeling;Mathematical model;Legged locomotion;Error probability;measurement;particle filters (PFs);tracking;ultrawideband (UWB) technology},
url={10.1109/TIM.2018.2884605}
}

@manual{ros2doc,
author= {Open Robotics},
title = {ROS2 Humble Documentation},
year = {2024},
url = {https://docs.ros.org/en/humble/}
}

@manual{qualisysros,
author= {ZP Yang},
title = {Qualisys\_ros node},
year = {2022},
url = {https://github.com/zp-yang/qualisys_ros/tree/ros2}
}

@manual{UWBQorvo,
author = {Qorvo},
title = {QM33120WDK1 product page},
year = {2022},
url = {https://www.qorvo.com/products/p/QM33120WDK1}
}

@manual{UWBDatasheet,
author = {Qorvo},
title = {QM33120WDK1 Datasheet},
year = {2022},
url = {https://www.qorvo.com/products/d/da008566}
}

@ARTICLE{IEEEstd_4,
author={IEEE},
journal={IEEE Std 802.15.4-2020 (Revision of IEEE Std 802.15.4-2015)}, 
title={IEEE Standard for Low-Rate Wireless Networks}, 
year={2020},
pages={1-800},
url={10.1109/IEEESTD.2020.9144691}
}

@ARTICLE{IEEEstd_4z,
author={IEEE},
journal={IEEE Std 802.15.4z-2020 (Amendment to IEEE Std 802.15.4-2020)}, 
title={IEEE Standard for Low-Rate Wireless Networks--Amendment 1: Enhanced Ultra Wideband (UWB) Physical Layers (PHYs) and Associated Ranging Techniques}, 
year={2020},
pages={1-174},
url={10.1109/IEEESTD.2020.9179124}
}



